@string{grl = "Geophys. Res. Lett"}
@string{minmag = "Min. Mag."}
@string{epsl = "Earth Planet. Sci. Lett."}
@string{ammin = "Am. Mineral."}
@string{gca = "Geochim. Cosmochim. Acta"}
@string{cmp = "Contrib. Mineral. Petrol."}
@string{ggg = "Geochem. Geophys. Geosyst."}
@string{jpcs = "J. Phys. Chem. Solids"}
@string{geochemj = "Geochem. J."}
@string{jgr = "J. Geophys. Res."}
@string{nat = "Nature"}
@string{pcm = "Phys. Chem. Min."}
@string{areps = "Ann. Rev. Earth Planet. Sci."}
@string{pepi = "Phys. Earth Planet. Int."}
@string{jac = "J. App. Cryst."}

@ARTICLE{LSFCKP2009,
   author = {{Lin}, J.-F. and {Scott}, H.~P. and {Fischer}, R.~A. and {Chang}, Y.-Y. and 
	{Kantor}, I. and {Prakapenka}, V.~B.},
    title = "{Phase relations of Fe-Si alloy in Earth's core}",
  journal = grl,
 keywords = {Mineral Physics: High-pressure behavior, Mineral Physics: X-ray, neutron, and electron spectroscopy and diffraction, Mineral Physics: Equations of state, Mineral Physics: Creep and deformation, Mineral Physics: General or miscellaneous},
     year = 2009,
    month = mar,
   volume = 36,
      eid = {L06306},
    pages = {6306},
      doi = {10.1029/2008GL036990},
   adsurl = {http://adsabs.harvard.edu/abs/2009GeoRL..36.6306L},
  adsnote = {Provided by the SAO/NASA Astrophysics Data System}
}


@ARTICLE{LHCDS2002,
   author = {{Lin}, J.-F. and {Heinz}, D.~L. and {Campbell}, A.~J. and {Devine}, J.~M. and 
	{Shen}, G.},
    title = "{Iron-Silicon Alloy in Earth's Core?}",
  journal = {Science},
     year = 2002,
    month = jan,
   volume = 295,
    pages = {313-316},
      doi = {10.1126/science.1066932},
   adsurl = {http://adsabs.harvard.edu/abs/2002Sci...295..313L},
  adsnote = {Provided by the SAO/NASA Astrophysics Data System}
}

@ARTICLE{TKHO2015,
   author = {{Tateno}, S. and {Kuwayama}, Y. and {Hirose}, K. and {Ohishi}, Y.
	},
    title = "{The structure of Fe-Si alloy in Earth's inner core}",
  journal = epsl,
 keywords = {inner core, high pressure, iron-silicon alloy, diamond-anvil cell},
     year = 2015,
    month = may,
   volume = 418,
    pages = {11-19},
      doi = {10.1016/j.epsl.2015.02.008},
   adsurl = {http://adsabs.harvard.edu/abs/2015E%26PSL.418...11T},
  adsnote = {Provided by the SAO/NASA Astrophysics Data System}
}


@ARTICLE{KSHSO2009,
   author = {{Kuwayama}, Y. and {Sawai}, T. and {Hirose}, K. and {Sata}, N. and 
	{Ohishi}, Y.},
    title = "{Phase relations of iron-silicon alloys at high pressure and high temperature}",
  journal = pcm,
 keywords = {Iron, Iron{\amp}ndash, silicon alloy, Phase relation, Inner core, Diamond-anvil cell, High pressure},
     year = 2009,
    month = oct,
   volume = 36,
    pages = {511-518},
      doi = {10.1007/s00269-009-0296-0},
   adsurl = {http://adsabs.harvard.edu/abs/2009PCM....36..511K},
  adsnote = {Provided by the SAO/NASA Astrophysics Data System}
}


@ARTICLE{Dubetal2003,
   author = {{Dubrovinsky}, L. and {Dubrovinskaia}, N. and {Langenhorst}, F. and 
	{Dobson}, D. and {Rubie}, D. and {Ge{\ss}mann}, C. and {Abrikosov}, I.~A. and 
	{Johansson}, B. and {Baykov}, V.~I. and {Vitos}, L. and {Bihan}, T.~L. and 
	{Crichton}, W.~A. and {Dmitriev}, V. and {Weber}, H.-P.},
    title = "{Iron-silica interaction at extreme conditions and the electrically conducting layer at the base of Earth's mantle}",
  journal = nat,
     year = 2003,
    month = mar,
   volume = 422,
    pages = {58-61},
      doi = {10.1038/nature01422}
}


@ARTICLE{FCRMHDP2013,
   author = {{Fischer}, R.~A. and {Campbell}, A.~J. and {Reaman}, D.~M. and 
	{Miller}, N.~A. and {Heinz}, D.~L. and {Dera}, P. and {Prakapenka}, V.~B.
	},
    title = "{Phase relations in the Fe-FeSi system at high pressures and temperatures}",
  journal = epsl,
     year = 2013,
    month = jul,
   volume = 373,
    pages = {54-64},
      doi = {10.1016/j.epsl.2013.04.035},
   adsurl = {http://adsabs.harvard.edu/abs/2013E%26PSL.373...54F},
  adsnote = {Provided by the SAO/NASA Astrophysics Data System}
}

@ARTICLE{FCCRDP2012,
   author = {{Fischer}, R.~A. and {Campbell}, A.~J. and {Caracas}, R. and 
	{Reaman}, D.~M. and {Dera}, P. and {Prakapenka}, V.~B.},
    title = "{Equation of state and phase diagram of Fe-16Si alloy as a candidate component of Earth's core}",
  journal = epsl,
     year = 2012,
    month = dec,
   volume = 357,
    pages = {268-276},
      doi = {10.1016/j.epsl.2012.09.022},
   adsurl = {http://adsabs.harvard.edu/abs/2012E%26PSL.357..268F},
  adsnote = {Provided by the SAO/NASA Astrophysics Data System}
}


@article{KH2004,
author = {Kuwayama, Yasuhiro and Hirose, Kei}, 
title = {Phase relations in the system Fe-FeSi at 21 GPa},
volume = {89}, 
number = {2-3}, 
pages = {273-276}, 
year = {2004}, 
journal = ammin
}

@article{FC2010,
author = {Fischer, Rebecca A. and Campbell, Andrew J.}, 
title = {High-pressure melting of wüstite},
volume = {95}, 
number = {10}, 
pages = {1473--1477}, 
year = {2010}, 
doi = {10.2138/am.2010.3463},
journal = ammin
}

@article{SB2008,
title = "FeSi melting curve up to 70 GPa ",
journal = epsl,
volume = "265",
number = "3--4",
pages = "743--747",
year = "2008",
note = "",
issn = "0012-821X",
doi = {10.1016/j.epsl.2007.11.008},
author = "D. Santamar\'{i}a-P\'{e}rez and R. Boehler",
}

@article{BMS2009,
title = "{Thermodynamic analysis of high-pressure phase equilibria in Fe-Si alloys, implications for the inner-core}",
journal = pepi,
volume = "172",
number = "3-4",
pages = "289-298",
year = "2009",
note = "",
issn = "0031-9201",
doi = {10.1016/j.pepi.2008.10.012},
author = "E. Brosh and G. Makov and Roni Z. Shneck",
}

@book{steelbook,
  author="{The Steelmaking Data Sourcebook}",
  title={{The Japan Society for the Promotion of Science}},
  publisher={Gordon and Breach Science Publishers, Tokyo},
  year={1988}
}

@ARTICLE{SS1959,
   author = {{Sakao}, H. and {Sano}, K.},
   journal= {Nippon-Kinzoku-Gakkai-Shi},
   volume = {23},
     year = {1959},
    pages = {669}
}

@article{SF1983,
 author   = {{Sakao}, H. and {Fujisawa}, T.},
 journal  = {JSPS, 19th-Com. Rept.},
 volume   = 10519,
   year   = 1983
}

@article{SE1974,
  title={The thermodynamics of liquid dilute iron alloys},
  author={Sigworth, GK and Elliott, John F},
  journal={Metal Science},
  volume={8},
  number={1},
  pages={298--310},
  year={1974},
  publisher={Maney Publishing Suite 1C, Joseph's Well, Hanover Walk, Leeds LS3 1AB, UK}
}

@ARTICLE{BP1990,
   author = {{Bale}, C.~W. and {Pelton}, A.~D.},
    title = "{The unified interaction parameter formalism: Thermodynamic consistency and applications}",
  journal = {Metallurgical Transactions A},
     year = 1990,
    month = jul,
   volume = 21,
    pages = {1997-2002},
      doi = {10.1007/BF02647247},
   adsurl = {http://adsabs.harvard.edu/abs/1990MTA....21.1997B},
  adsnote = {Provided by the SAO/NASA Astrophysics Data System}
}

@ARTICLE{BB1995,
   author = {{Bouchard}, D. and {Bale}, C.~W.},
    title = "{Simultaneous optimization of thermochemical data for liquid iron alloys containing C, N, Ti, Si, Mn, S, and P}",
  journal = {Metallurgical and Materials Transactions B},
     year = 1995,
    month = may,
   volume = 26,
    pages = {467-484},
      doi = {10.1007/BF02653863},
   adsurl = {http://adsabs.harvard.edu/abs/1995MMTB...26..467B},
  adsnote = {Provided by the SAO/NASA Astrophysics Data System}
}

@ARTICLE{Ma2001,
   author = {{Ma}, Z.},
    title = "{Thermodynamic description for concentrated metallic solutions using interaction parameters}",
  journal = {Metallurgical and Materials Transactions B},
     year = 2001,
    month = feb,
   volume = 32,
    pages = {87-103},
      doi = {10.1007/s11663-001-0011-0},
   adsurl = {http://adsabs.harvard.edu/abs/2001MMTB...32...87M},
  adsnote = {Provided by the SAO/NASA Astrophysics Data System}
}

@article{Wagner1952,
  title={Thermodynamics of alloys},
  author={Wagner, Carl and Mellgren, Svante and Westbrook, Jack Hall},
  year={1952},
  publisher={Addison-Wesley Reading, MA}
}

@ARTICLE{KFMP2009,
   author = {{Komabayashi}, T. and {Fei}, Y. and {Meng}, Y. and {Prakapenka}, V.
	},
    title = "{In-situ X-ray diffraction measurements of the {$\gamma$}-{$\epsilon$} transition boundary of iron in an internally-heated diamond anvil cell}",
  journal = {Earth and Planetary Science Letters},
     year = 2009,
    month = may,
   volume = 282,
    pages = {252-257},
      doi = {10.1016/j.epsl.2009.03.025},
   adsurl = {http://adsabs.harvard.edu/abs/2009E%26PSL.282..252K},
  adsnote = {Provided by the SAO/NASA Astrophysics Data System}
}

@article{LE1966,
	author = "Lupis, C.H.P and Elliott, J.F",
	doi = "10.1016/0001-6160(66)90190-8",
	issn = "0001-6160",
	journal = "Acta Metallurgica",
	note = "",
	number = "9",
	pages = "1019--1032",
	title = "{Generalized interaction coefficients: Part II: Free energy terms and the quasi-chemical theory}",
	volume = "14",
	year = "1966"
}

@ARTICLE{KF2010,
   author = {{Komabayashi}, T. and {Fei}, Y.},
    title = "{Internally consistent thermodynamic database for iron to the Earth's core conditions}",
  journal = {Journal of Geophysical Research (Solid Earth)},
 keywords = {Mineralogy and Petrology: Thermodynamics (0766, 1011, 8411), Mineralogy and Petrology: Reactions and phase equilibria (1012, 8412), Mineral Physics: High-pressure behavior, Mineral Physics: Equations of state, Geochemistry: Composition of the core, iron, equation of state, high pressure, phase relations, thermodynamics, Earth's core},
     year = 2010,
    month = mar,
   volume = 115,
      eid = {B03202},
    pages = {3202},
      doi = {10.1029/2009JB006442},
   adsurl = {http://adsabs.harvard.edu/abs/2010JGRB..115.3202K},
  adsnote = {Provided by the SAO/NASA Astrophysics Data System}
}

@article{LWDACK2010,
  title="{The FeSi phase diagram to 150 GPa}",
  author={Lord, OT and Walter, MJ and Dobson, DP and Armstrong, L and Clark, SM and Kleppe, A},
  journal={Journal of Geophysical Research: Solid Earth (1978--2012)},
  volume={115},
  number={B6},
  year={2010},
  doi={10.1029/2009JB006528},
  publisher={Wiley Online Library}
}

@article{GJ2014,
author = {Geballe, Zachary M. and Jeanloz, Raymond}, 
title = {Solid phases of FeSi to 47 GPa and 2800 K: New data},
volume = {99}, 
number = {4}, 
pages = {720-723}, 
year = {2014}, 
doi = {10.2138/am.2014.4612}, 
abstract ={FeSi remains crystalline up to at least 2350 (±200) K at 23 GPa and 2770 (±200) K at 47 GPa in a laser-heated diamond-anvil cell, showing that addition of silicon does not cause a large amount of melting point depression; the melting temperature of pure iron ranges from 2300 (±100) K to 2700 (±150) K between 20 and 50 GPa. The transition between ɛ (B20) and B2 (CsCl-structured) crystalline phases occurs at 30 (±2) GPa at all temperatures from 1200 to 2400 K. The resulting 5% density increase may cause an increase in the miscibility of silicon in iron at P > 30 GPa, with potential implications for the cores of small rocky planets such as Mars and Mercury.}, 
URL = {http://ammin.geoscienceworld.org/content/99/4/720.abstract}, 
eprint = {http://ammin.geoscienceworld.org/content/99/4/720.full.pdf+html}, 
journal = {American Mineralogist} 
}


@article{Prescheretal2015,
	Author = {Prescher, C. and Dubrovinsky, L. and Bykova, E. and Kupenko, I. and Glazyrin, K. and Kantor, A. and McCammon, C. and Mookherjee, M. and Nakajima, Y. and Miyajima, N. and Sinmyo, R. and Cerantola, V. and Dubrovinskaia, N. and Prakapenka, V. and Ruffer, R. and Chumakov, A. and Hanfland, M.},
	Journal = {Nature Geoscience},
	doi = {10.1038/ngeo2370},
	Month = {03},
	Number = {3},
	Pages = {220--223},
	Title = {High Poisson's ratio of Earth's inner core explained by carbon alloying},
	Volume = {8},
	Year = {2015}
	}

@ARTICLE{IP1973,
   author = {{Iyengar}, R.~K. and {Philbrook}, W.~O.},
    title = "{Application of thermodynamics of heterogeneous phase equilibria to the construction of the Fe-Si-O ternary phase diagram}",
  journal = {Metallurgical Transactions, Volume 4, Issue 9, pp.2181-2188},
     year = 1973,
    month = sep,
   volume = 4,
    pages = {2181-2188},
      doi = {10.1007/BF02643285},
   adsurl = {http://adsabs.harvard.edu/abs/1973MT......4.2181I},
  adsnote = {Provided by the SAO/NASA Astrophysics Data System}
}

@ARTICLE{FS1997,
   author = {{Fabrichnaya}, O.~B. and {Sundman}, B.},
    title = "{The assessment of thermodynamic parameters in the Fe{\#58872}O and Fe{\#58872}Si{\#58872}O systems}",
  journal = {Geochimica et Cosmochimica Acta},
     year = 1997,
    month = nov,
   volume = 61,
    pages = {4539-4555},
      doi = {10.1016/S0016-7037(97)00256-1},
   adsurl = {http://adsabs.harvard.edu/abs/1997GeCoA..61.4539F},
  adsnote = {Provided by the SAO/NASA Astrophysics Data System}
}

@ARTICLE{TOT2007,
   author = {{Tsuno}, K. and {Ohtani}, E. and {Terasaki}, H.},
    title = "{Immiscible two-liquid regions in the Fe O S system at high pressure: Implications for planetary cores}",
  journal = {Physics of the Earth and Planetary Interiors},
     year = 2007,
    month = jan,
   volume = 160,
    pages = {75-85},
      doi = {10.1016/j.pepi.2006.09.004},
   adsurl = {http://adsabs.harvard.edu/abs/2007PEPI..160...75T},
  adsnote = {Provided by the SAO/NASA Astrophysics Data System}
}

@ARTICLE{CWF2008,
   author = {{Corgne}, A. and {Wood}, B.~J. and {Fei}, Y.},
    title = "{C- and S-rich molten alloy immiscibility and core formation of planetesimals}",
  journal = {Geochimica et Cosmochimica Acta},
     year = 2008,
    month = may,
   volume = 72,
    pages = {2409-2416},
      doi = {10.1016/j.gca.2008.03.001},
   adsurl = {http://adsabs.harvard.edu/abs/2008GeCoA..72.2409C},
  adsnote = {Provided by the SAO/NASA Astrophysics Data System}
}

@ARTICLE{HK2004,
   author = {{Helffrich}, G. and {Kaneshima}, S.},
    title = "{Seismological Constraints on Core Composition from Fe-O-S Liquid Immiscibility}",
  journal = {Science},
     year = 2004,
    month = dec,
   volume = 306,
    pages = {2239-2242},
      doi = {10.1126/science.1101109},
   adsurl = {http://adsabs.harvard.edu/abs/2004Sci...306.2239H},
  adsnote = {Provided by the SAO/NASA Astrophysics Data System}
}

@article{Raghavan1988,
  title={Phase Diagrams of Ternary Iron Alloys. Part 3. Ternary Systems Containing Iron and Phosphorus},
  author={Raghavan, V},
  journal={Indian Institute of Metals, 1988,},
  pages={229},
  year={1988}
}

@ARTICLE{SF2004,
   author = {{Sanloup}, C. and {Fei}, Y.},
    title = "{Closure of the Fe-S-Si liquid miscibility gap at high pressure}",
  journal = {Physics of the Earth and Planetary Interiors},
     year = 2004,
    month = oct,
   volume = 147,
    pages = {57-65},
      doi = {10.1016/j.pepi.2004.06.008},
   adsurl = {http://adsabs.harvard.edu/abs/2004PEPI..147...57S},
  adsnote = {Provided by the SAO/NASA Astrophysics Data System}
}

@ARTICLE{TD2015,
   author = {{Tsuno}, K. and {Dasgupta}, R.},
    title = "{Fe-Ni-Cu-C-S phase relations at high pressures and temperatures - The role of sulfur in carbon storage and diamond stability at mid- to deep-upper mantle}",
  journal = {Earth and Planetary Science Letters},
 keywords = {mantle redox, carbon storage, diamond stability, Fe-Ni alloy, sulfides},
     year = 2015,
    month = feb,
   volume = 412,
    pages = {132-142},
      doi = {10.1016/j.epsl.2014.12.018},
   adsurl = {http://adsabs.harvard.edu/abs/2015E%26PSL.412..132T},
  adsnote = {Provided by the SAO/NASA Astrophysics Data System}
}

@INPROCEEDINGS{WH1979,
   author = {{Wendlandt}, R.~F. and {Huebner}, J.~S.},
    title = "{Melting Relations of Portions of the System Fe-S-O at High Pressure and Applications to the Composition of the Earth's Core}",
 keywords = {EARTH, CORE, DENSITY, COMPOSITION, IRON, SULFUR, OXYGEN, PHASES, MELTING},
booktitle = {Lunar and Planetary Science Conference},
     year = 1979,
   series = {Lunar and Planetary Science Conference},
   volume = 10,
    month = mar,
    pages = {1329-1331},
   adsurl = {http://adsabs.harvard.edu/abs/1979LPI....10.1329W},
  adsnote = {Provided by the SAO/NASA Astrophysics Data System}
}

@ARTICLE{Kress2000,
   author = {{Kress}, V.},
    title = "{Thermochemistry of sulfide liquids. II. Associated solution model for sulfide liquids in the system O-S-Fe}",
  journal = {Contributions to Mineralogy and Petrology},
     year = 2000,
   volume = 139,
    pages = {316-325},
      doi = {10.1007/s004100000143},
   adsurl = {http://adsabs.harvard.edu/abs/2000CoMP..139..316K},
  adsnote = {Provided by the SAO/NASA Astrophysics Data System}
}

@ARTICLE{DBWW2009,
   author = {{Dasgupta}, R. and {Buono}, A. and {Whelan}, G. and {Walker}, D.},
    title = "{High-pressure melting relations in Fe-C-S systems: Implications for formation, evolution, and structure of metallic cores in planetary bodies}",
  journal = {Geochimica et Cosmochimica Acta},
     year = 2009,
    month = nov,
   volume = 73,
    pages = {6678-6691},
      doi = {10.1016/j.gca.2009.08.001},
   adsurl = {http://adsabs.harvard.edu/abs/2009GeCoA..73.6678D},
  adsnote = {Provided by the SAO/NASA Astrophysics Data System}
}

@ARTICLE{MAAB2014,
   author = {{Morard}, G. and {Andrault}, D. and {Antonangeli}, D. and {Bouchet}, J.
	},
    title = "{Properties of iron alloys under the Earth's core conditions}",
  journal = {Comptes Rendus Geoscience},
     year = 2014,
    month = may,
   volume = 346,
    pages = {130-139},
      doi = {10.1016/j.crte.2014.04.007},
   adsurl = {http://adsabs.harvard.edu/abs/2014CRGeo.346..130M},
  adsnote = {Provided by the SAO/NASA Astrophysics Data System}
}

@ARTICLE{CB2007,
   author = {{Chudinovskikh}, L. and {Boehler}, R.},
    title = "{Eutectic melting in the system Fe S to 44 GPa}",
  journal = {Earth and Planetary Science Letters},
     year = 2007,
    month = may,
   volume = 257,
    pages = {97-103},
      doi = {10.1016/j.epsl.2007.02.024},
  adsnote = {Provided by the SAO/NASA Astrophysics Data System}
}

@ARTICLE{SSWL2007,
   author = {{Stewart}, A.~J. and {Schmidt}, M.~W. and {van Westrenen}, W. and 
	{Liebske}, C.},
    title = "{Mars: A New Core-Crystallization Regime}",
  journal = {Science},
     year = 2007,
    month = jun,
   volume = 316,
    pages = {1323},
      doi = {10.1126/science.1140549},
   adsurl = {http://adsabs.harvard.edu/abs/2007Sci...316.1323S},
  adsnote = {Provided by the SAO/NASA Astrophysics Data System}
}

@ARTICLE{Kamadaetal2010,
   author = {{Kamada}, S. and {Terasaki}, H. and {Ohtani}, E. and {Sakai}, T. and 
	{Kikegawa}, T. and {Ohishi}, Y. and {Hirao}, N. and {Sata}, N. and 
	{Kondo}, T.},
    title = "{Phase relationships of the Fe-FeS system in conditions up to the Earth's outer core}",
  journal = {Earth and Planetary Science Letters},
     year = 2010,
    month = may,
   volume = 294,
    pages = {94-100},
      doi = {10.1016/j.epsl.2010.03.011},
   adsurl = {http://adsabs.harvard.edu/abs/2010E%26PSL.294...94K},
  adsnote = {Provided by the SAO/NASA Astrophysics Data System}
}

@ARTICLE{MK2010,
   author = {{Morard}, G. and {Katsura}, T.},
    title = "{Pressure-temperature cartography of Fe-S-Si immiscible system}",
  journal = {Geochimica et Cosmochimica Acta},
     year = 2010,
    month = jun,
   volume = 74,
    pages = {3659-3667},
      doi = {10.1016/j.gca.2010.03.025},
   adsurl = {http://adsabs.harvard.edu/abs/2010GeCoA..74.3659M},
  adsnote = {Provided by the SAO/NASA Astrophysics Data System}
}
